@techreport{waitzman1990standard,
  title={Standard for the transmission of IP datagrams on avian carriers},
  author={Waitzman, David},
  year={1990}
}


@misc{profiling,
  author = {Sumitkumar Kanoje, Sheetal Girase, Debajyot Mukhopadhyay},
  title = {User Profiling Trends, Techniques and Applications },
  howpublished = {\url{https://www.researchgate.net/publication/269704924_User_Profiling_Trends_Techniques_and_Applications}},
  year={2014}
}

@misc{tecniquesProfiling,
  author = {Sumitkumar Kanoje, Sheetal Girase, Debajyot Mukhopadhyay},
  title = {User Profiling Trends, Techniques and Applications },
  howpublished = {\url{https://www.researchgate.net/publication/269704924_User_Profiling_Trends_Techniques_and_Applications}},
  year={2014}
}

@misc{sfpd_abis,
  author = {San Francisco Police Department, State of California Department of Justice Office of the Attorney General, U.S. Census},
  title = {JURISDICTION SAN FRANCISCO},
  howpublished = {\url{https://www.perpetuallineup.org/jurisdiction/san-francisco}},
  year={2016}
}

@misc{cina_shenzen,
  author = {RAI - Codice. La vita è digitale},
  title = {CINA: impossibile nascondersi, videosorveglianza con riconoscimento facciale},
  howpublished = {\url{https://www.raiplay.it/video/2017/08/Cina-impossibile-nascondersi-videosorveglianza-con-riconoscimento-facciale---04082017-a03978d9-6bf2-4e19-9a9c-a7081a1ab95e.html}},
  year={2017}
}

@misc{definizione_smart_city,
  author = {Enciclopedia Treccani},
  title = {Smart Sity},
  howpublished = {\url{http://www.treccani.it/vocabolario/smart-city_res-72b7b87c-89ec-11e8-a7cb-00271042e8d9_%28Neologismi%29/}},
  year={2012}
}

@misc{top_ten_sc_forbes,
  author = {Forbes.com},
  title = {These Are The Smartest Cities In The World For 2019},
  howpublished = {\url{https://www.forbes.com/sites/iese/2019/05/21/these-are-the-smartest-cities-in-the-world-for-2019/}},
  year={2019}
}

@misc{iese_cities_2019,
  author = {Prof. Pascual Berrone, Prof. Joan Enric Ricart},
  title = {IESE Cities in Motion Index},
  howpublished = {\url{https://media.iese.edu/research/pdfs/ST-0509-E.pdf}},
  year={2019}
}

@misc{problem_smar_city_digitaldivide,
  author = {Johan Colding, Stephan Barthel and Patrik Sörqvist, Department of Building Engineering, Energy Systems and Sustainability Science, University of Gävle},
  title = {Wicked Problems of Smart Cities},
  howpublished = {\url{https://media.iese.edu/research/pdfs/ST-0509-E.pdf}},
  year={2019}
}


@misc{What_make_city_smart,
  author = {J. Ramon Gil-Garcia and Theresa A. Pardoa of the University at Albany, State University of New York, USA and Taewoo Namc of the Myongji University, Korea },
  title = {What makes a city smart? Identifying core components and proposing an integrative and comprehensive conceptualization - Information Polity 20 (2015) 61–87 61 DOI 10.3233/IP-150354 IOS Press},
  year={2015}
}

@misc{ONU_UDESA_urbanization,
  author = {Unite Nation - Department of Economic and Social Affairs},
  title = {2018 Revision of World Urbanization Prospects},
  howpublished = {\url{https://www.un.org/development/desa/publications/2018-revision-of-world-urbanization-prospects.html}},
  year={2018}
}

@misc{smart:city_cybersecurity_privacy_cap2_1,
  author = {KAYHAN ZRAR GHAFOOR, Shanghai Jiao Tong University, Shanghai, China Department of Computer Science, Faculty of Science, Cihan University-Erbil, Kurdistan, Iraq and DANDA B. RAWAT Howard University, Washington, DC, United States},
  title = {Smart Cities Cybersecurity and Privacy, cap 2.1},
  year={2019}
}

@misc{smart:city_cybersecurity_privacy_cap4,
  author = {KAYHAN ZRAR GHAFOOR, Shanghai Jiao Tong University, Shanghai, China Department of Computer Science, Faculty of Science, Cihan University-Erbil, Kurdistan, Iraq and DANDA B. RAWAT Howard University, Washington, DC, United States},
  title = {Smart Cities Cybersecurity and Privacy, cap 4 SMART CITY ARCHITECTURE},
  year={2019}
}



@misc{smart_city_terminology,
  author = {D.V. Gibson, G. Kozmetsky, R.W. Smilor (Eds.)},
  title = {The Technopolis Phenomenon: Smart Cities, Fast Systems, Global Networks, Rowman Littlefield, New York},
  year={1992}
}

@misc{smart_problem_bigdata_1,
  author = {Sumanta Chandra Mishra Sharma - Department of Computer Science and Engineering and ITVeer Surendra Sai University of Technology BurlaIndia},
  title = {Multi-Rumen Anti-Grazing approach of load balancing in cloud network - International Journal of Information Technology},
  howpublished = {\url{https://doi.org/10.1007/s41870-017-0022-y}},
  year={2018}
}

@misc{smart_problem_bigdata_2,
  author = {A. Das, P.K. Dash, B.K. Mishra, },
  title = {An intelligent parking system in smart cities using IoT, in: Exploring the Convergence of Big Data and the Internet of Things, IGI Global, Hershey, PA, 2018, pp. 155–180.},
  year={2018}
}

@misc{smart_city_architetture,
  author = {Mahdi Fahmideh and Didar Zowghi  University of Technology Sydney (UTS) Sydney, Australia },
  title = {IoT Smart City Architectures: an Analytical Evaluation},
  howpublished = {\url{https://www.researchgate.net/publication/328234123_IoT_Smart_City_Architectures_an_Analytical_Evaluation_selected_as_the_Best_Paper}},
  year={2018}
}

@misc{identita_digitale_definizione,
  author = {Phillip J. Windley},
  title = {Identità Digitali - dati personali, privacy ed organizzazione dei servizi - O'REILLY - Cap 2 Definizione di identità digitale},
  year={2006}
}

@misc{citelum_smart_city_lonato,
  author = {Mahdi Fahmideh and Didar Zowghi  University of Technology Sydney (UTS) Sydney, Australia },
  title = {IoT Smart City Architectures: an Analytical Evaluation},
  howpublished = {\url{https://www.youtube.com/watch?v=6BLBAdElrro}},
  year={2018}
}
